@misc{Preskill2018,
  author = {Preskill, John},
  title = {Entanglement and the Nature of Space},
  howpublished = {Caltech Magazine},
  year = {2018}
}

@article{Everett1957,
  author = {Everett, Hugh},
  title = {Relative State Formulation of Quantum Mechanics},
  journal = {Reviews of Modern Physics},
  volume = {29},
  pages = {454--462},
  year = {1957}
}

@article{MaldacenaSusskind2013,
  author = {Maldacena, Juan and Susskind, Leonard},
  title = {Cool horizons for entangled black holes},
  journal = {Fortschritte der Physik},
  volume = {61},
  pages = {781--811},
  year = {2013}
}

@book{Rovelli2004,
  author = {Rovelli, Carlo},
  title = {Quantum Gravity},
  year = {2004},
  publisher = {Cambridge University Press}
}

@article{Hawking1975,
  author = {Hawking, Stephen W.},
  title = {Particle Creation by Black Holes},
  journal = {Communications in Mathematical Physics},
  volume = {43},
  pages = {199--220},
  year = {1975}
}

@article{VanRaamsdonk2010,
  author = {van Raamsdonk, Mark},
  title = {Building up spacetime with quantum entanglement},
  journal = {General Relativity and Gravitation},
  volume = {42},
  pages = {2323--2329},
  year = {2010}
}

@article{Swingle2012,
  author = {Swingle, Brian},
  title = {Entanglement renormalization and holography},
  journal = {Physical Review D},
  volume = {86},
  pages = {065007},
  year = {2012}
}

@inproceedings{Sorkin2003,
  author = {Sorkin, Rafael D.},
  title = {Causal Sets: Discrete Gravity},
  booktitle = {Lectures on Quantum Gravity},
  year = {2005},
  eprint = {gr-qc/0309009}
}
