@misc{QMNET2025,
  author = {Banasiewicz, Krzysztof Włodzimierz},
  title = {Sieć Splątania Kwantowego jako Fundament Multiwersum},
  year = {2025},
  note = {Preprint},
  howpublished = {\url{https://github.com/krzyshtoof/Multiverse-Theory}}
}

